@ARTICLE{6739370,
author={Nunes, B.A.A. and Mendonca, M. and Xuan-Nam Nguyen and Obraczka, K. and Turletti, T.},
journal={Communications Surveys Tutorials, IEEE},
title={A Survey of Software-Defined Networking: Past, Present, and Future of Programmable Networks},
year={2014},
volume={16},
number={3},
pages={1617-1634},
keywords={protocols;software radio;telecommunication network management;OpenFlow standard;SDN-based protocols;network management;network programmability;programmable networks;software-defined networking;Computer architecture;Hardware;Internet;Protocols;Software;Switches;Software-Defined Networking;control plane;data plane;programmable networks;survey;virtualization},
doi={10.1109/SURV.2014.012214.00180},
ISSN={1553-877X},
month={Third},}

@INPROCEEDINGS{6730793,
author={Gelberger, A. and Yemini, N. and Giladi, R.},
booktitle={Modeling, Analysis Simulation of Computer and Telecommunication Systems (MASCOTS), 2013 IEEE 21st International Symposium on},
title={Performance Analysis of Software-Defined Networking (SDN)},
year={2013},
pages={389-393},
keywords={computer networks;protocols;SDN approach;SDN capabilities;SDN characterization;SDN-based systems;centralized control;common network tasks;complexity level;equipment costs;fixed protocol stack;flexible dynamic programmable functionality;inflexible protocol stack;inherent performance penalty;network architectures;network systems;network traffic;predefined protocol stack;reduced complexity;software-defined networking;user experience;Complexity theory;Jitter;Linux;Protocols;Routing;Switches;Throughput},
doi={10.1109/MASCOTS.2013.58},
ISSN={1526-7539},
month={Aug},}

@misc{nox-mt,
  title = {On Controller Performance in Software-Defined Networks},
  howpublished = {\url{https://www.usenix.org/system/files/conference/hot-ice12/hotice12-final33_0.pdf}},
  note = {Accessed: 2016-01-10}
}